<?xml version="1.0" encoding="UTF-8"?><collection xmlns="http://www.loc.gov/MARC21/slim"><record><leader>00514nam--2200193-u-4500</leader><controlfield tag="001">000054737</controlfield><controlfield tag="002">20161230</controlfield><controlfield tag="005">20161230201051</controlfield><controlfield tag="008">120528s1000------------r-----000-0-rus-d</controlfield><datafield ind1=" " ind2=" " tag="040"><subfield code="a">IFIN-HH</subfield></datafield><datafield ind1=" " ind2=" " tag="041"><subfield code="a">rus</subfield></datafield><datafield ind1=" " ind2=" " tag="080"><subfield code="a">539.172.3</subfield></datafield><datafield ind1="1" ind2=" " tag="100"><subfield code="a">Zolotoiabko, E.V</subfield></datafield><datafield ind1="1" ind2="0" tag="245"><subfield code="a">Kogerentnoe releevskoe rasseianie messbouerovskogo izlucenia</subfield><subfield code="c">E.v. zolotoiabko, e.m. iolin</subfield></datafield><datafield ind1=" " ind2=" " tag="260"><subfield code="a">Riga</subfield><subfield code="b">Zinatne</subfield><subfield code="c">1986</subfield></datafield><datafield ind1=" " ind2=" " tag="300"><subfield code="a">174P</subfield></datafield><datafield ind1="1" ind2=" " tag="700"><subfield code="a">Iolin, E.M</subfield></datafield><datafield ind1=" " ind2=" " tag="852"><subfield code="a">73784</subfield><subfield code="c">539.163.2</subfield></datafield><datafield ind1=" " ind2=" " tag="CAT"><subfield code="a">Sys</subfield><subfield code="c">20120528</subfield><subfield code="h">125230</subfield></datafield></record></collection>